<record><leader>00000cas a22000007a 4500</leader><controlfield tag="001">43724192</controlfield><controlfield tag="008">000328d19371937orumr ne      0    0eng d</controlfield><datafield ind1=" " ind2=" " tag="010"><subfield code="a">sn 00064635 </subfield></datafield><datafield ind1=" " ind2=" " tag="040"><subfield code="a">NVK</subfield><subfield code="b">eng</subfield><subfield code="c">NVK</subfield><subfield code="d">OCLCF</subfield><subfield code="d">OCLCO</subfield><subfield code="d">OCLCA</subfield></datafield><datafield ind1="1" ind2=" " tag="029"><subfield code="a">AU@</subfield><subfield code="b">000021431286</subfield></datafield><datafield ind1=" " ind2=" " tag="042"><subfield code="a">msc</subfield></datafield><datafield ind1=" " ind2=" " tag="043"><subfield code="a">n-us-or</subfield></datafield><datafield ind1="0" ind2=" " tag="130"><subfield code="a">Foghorn (Charleston, Or.)</subfield></datafield><datafield ind1="0" ind2="4" tag="245"><subfield code="a">The Foghorn.</subfield></datafield><datafield ind1=" " ind2=" " tag="260"><subfield code="a">Charleston, Or. :</subfield><subfield code="b">C.C.C. Co. 5436,</subfield><subfield code="c">[1937-</subfield></datafield><datafield ind1=" " ind2=" " tag="300"><subfield code="a">v.</subfield></datafield><datafield ind1=" " ind2=" " tag="310"><subfield code="a">Monthly</subfield></datafield><datafield ind1="0" ind2=" " tag="362"><subfield code="a">Vol. 1, no. 1 ([Nov. 1937])-</subfield></datafield><datafield ind1="1" ind2=" " tag="362"><subfield code="a">Ceased in 1937.</subfield><subfield code="z">Cf. Center for Research Libraries.</subfield></datafield><datafield ind1=" " ind2=" " tag="500"><subfield code="a">C.C.C. Co. 5436 moved from Bassett, Va. to Charleston, Oregon in 1937; and then from Charleston, Oregon to Blaine, Oregon by 1938.</subfield></datafield><datafield ind1=" " ind2=" " tag="530"><subfield code="a">Available on microfiche from the Center for Research Libraries.</subfield></datafield><datafield ind1=" " ind2=" " tag="580"><subfield code="a">C.C.C. Co. 5436 previously published: Enrollee's home journal.</subfield></datafield><datafield ind1=" " ind2=" " tag="580"><subfield code="a">C.C.C. Company 5436 later published: Pasture (Blaine, Or.).</subfield></datafield><datafield ind1="2" ind2="0" tag="610"><subfield code="a">Civilian Conservation Corps (U.S.)</subfield><subfield code="v">Newspapers.</subfield></datafield><datafield ind1=" " ind2="0" tag="651"><subfield code="a">Charleston (Or.)</subfield><subfield code="v">Newspapers.</subfield></datafield><datafield ind1=" " ind2="7" tag="655"><subfield code="a">Newspapers.</subfield><subfield code="2">fast</subfield><subfield code="0">(OCoLC)fst01423814</subfield></datafield><datafield ind1="2" ind2="7" tag="610"><subfield code="a">Civilian Conservation Corps (U.S.)</subfield><subfield code="2">fast</subfield><subfield code="0">(OCoLC)fst00536299</subfield></datafield><datafield ind1=" " ind2="7" tag="651"><subfield code="a">Oregon</subfield><subfield code="z">Charleston.</subfield><subfield code="2">fast</subfield><subfield code="0">(OCoLC)fst01214320</subfield></datafield><datafield ind1="2" ind2=" " tag="710"><subfield code="a">Civilian Conservation Corps (U.S.).</subfield><subfield code="b">Company 5436 (Charleston, Or.)</subfield></datafield><datafield ind1=" " ind2=" " tag="752"><subfield code="a">United States</subfield><subfield code="b">Oregon</subfield><subfield code="c">Coos</subfield><subfield code="d">Charleston.</subfield></datafield><datafield ind1="1" ind2=" " tag="787"><subfield code="t">Enrollee's home journal</subfield><subfield code="w">(DLC)sn 00064630</subfield></datafield><datafield ind1="1" ind2=" " tag="787"><subfield code="t">Pasture (Blaine, Or.)</subfield><subfield code="w">(DLC)sn 00064640</subfield></datafield><datafield ind1=" " ind2=" " tag="936"><subfield code="a">Vol. 1, no. 1 ([Nov. 1937]) LIC</subfield></datafield></record>